<record><leader>00000cas a2200000   4500</leader><controlfield tag="001">3511777</controlfield><controlfield tag="008">771223c18779999mauwr ne      0   a0eng d</controlfield><datafield ind1=" " ind2=" " tag="010"><subfield code="a">sn 85058286 </subfield></datafield><datafield ind1=" " ind2=" " tag="040"><subfield code="a">COA</subfield><subfield code="b">eng</subfield><subfield code="c">COA</subfield><subfield code="d">UNP</subfield><subfield code="d">OCL</subfield><subfield code="d">VP@</subfield><subfield code="d">OCLCF</subfield><subfield code="d">OCLCO</subfield></datafield><datafield ind1="1" ind2=" " tag="029"><subfield code="a">AU@</subfield><subfield code="b">000025806550</subfield></datafield><datafield ind1=" " ind2=" " tag="037"><subfield code="b">135 Morrissey Blvd., 02107</subfield></datafield><datafield ind1=" " ind2=" " tag="042"><subfield code="a">msc</subfield></datafield><datafield ind1=" " ind2=" " tag="090"><subfield code="a">AN2</subfield><subfield code="b">.B6</subfield></datafield><datafield ind1="0" ind2="0" tag="245"><subfield code="a">Boston Sunday globe.</subfield></datafield><datafield ind1=" " ind2=" " tag="260"><subfield code="a">Boston,</subfield><subfield code="b">Globe Newspaper Co.,</subfield></datafield><datafield ind1=" " ind2=" " tag="300"><subfield code="a">v. :</subfield><subfield code="b">ill. ;</subfield><subfield code="c">58 cm.</subfield></datafield><datafield ind1="1" ind2=" " tag="362"><subfield code="a">Began in 1877.</subfield></datafield><datafield ind1=" " ind2=" " tag="580"><subfield code="a">Daily eds.: Boston daily globe (Boston, Mass. : 1872), 1877-1960; Boston globe, 1960-   .</subfield></datafield><datafield ind1=" " ind2="0" tag="650"><subfield code="a">American newspapers</subfield><subfield code="z">Massachusetts</subfield><subfield code="z">Boston.</subfield></datafield><datafield ind1=" " ind2="0" tag="651"><subfield code="a">Boston (Mass.)</subfield><subfield code="v">Newspapers.</subfield></datafield><datafield ind1=" " ind2="7" tag="655"><subfield code="a">Newspapers.</subfield><subfield code="2">fast</subfield><subfield code="0">(OCoLC)fst01423814</subfield></datafield><datafield ind1=" " ind2="7" tag="650"><subfield code="a">American newspapers.</subfield><subfield code="2">fast</subfield><subfield code="0">(OCoLC)fst00807293</subfield></datafield><datafield ind1=" " ind2="7" tag="651"><subfield code="a">Massachusetts</subfield><subfield code="z">Boston.</subfield><subfield code="2">fast</subfield><subfield code="0">(OCoLC)fst01205012</subfield></datafield><datafield ind1=" " ind2=" " tag="752"><subfield code="a">United States</subfield><subfield code="b">Massachusetts</subfield><subfield code="c">Suffolk</subfield><subfield code="d">Boston.</subfield></datafield><datafield ind1="1" ind2=" " tag="775"><subfield code="t">Boston daily globe (Boston, Mass : 1872)</subfield><subfield code="w">(DLC)sn 83045484</subfield><subfield code="w">(OCoLC)947068</subfield></datafield><datafield ind1="1" ind2=" " tag="775"><subfield code="t">Boston globe</subfield><subfield code="w">(DLC)sn 83045150</subfield><subfield code="w">(OCoLC)1536853</subfield></datafield></record>